@article{Planck2018,
  author  = {Planck Collaboration},
  title   = {Planck 2018 results. VI. Cosmological parameters},
  journal = {A&A},
  year    = {2020},
  volume  = {641},
  pages   = {A6},
  doi     = {10.1051/0004-6361/201833910}
}

@article{Alcubierre1994,
  author  = {Miguel Alcubierre},
  title   = {The warp drive: hyper-fast travel within general relativity},
  journal = {Class. Quantum Grav.},
  year    = {1994},
  volume  = {11},
  pages   = {L73--L77}
}

@book{EFTbook,
  author  = {Clifford P. Burgess},
  title   = {Introduction to Effective Field Theory},
  publisher = {Cambridge Univ. Press},
  year    = {2020}
}
