@article{example,
  author    = {Doe, John},
  title     = {Example Reference},
  year      = {2024},
  journal   = {Journal of Examples},
}
